<record><leader>00000cas a22000007a 4500</leader><controlfield tag="001">20411789</controlfield><controlfield tag="008">890929c19699999gauwr ne      0    0eng d</controlfield><datafield ind1=" " ind2=" " tag="010"><subfield code="a">sn 89053391 </subfield></datafield><datafield ind1=" " ind2=" " tag="040"><subfield code="a">NLG</subfield><subfield code="b">eng</subfield><subfield code="c">NLG</subfield><subfield code="d">GUA</subfield><subfield code="d">OCLCQ</subfield><subfield code="d">OCLCF</subfield><subfield code="d">OCLCO</subfield></datafield><datafield ind1="1" ind2=" " tag="029"><subfield code="a">AU@</subfield><subfield code="b">000040635819</subfield></datafield><datafield ind1=" " ind2=" " tag="042"><subfield code="a">msc</subfield></datafield><datafield ind1=" " ind2=" " tag="043"><subfield code="a">n-us-ga</subfield></datafield><datafield ind1="0" ind2=" " tag="130"><subfield code="a">Herald-tribune (Cartersville, Ga.)</subfield></datafield><datafield ind1="1" ind2="4" tag="245"><subfield code="a">The Herald-tribune.</subfield></datafield><datafield ind1=" " ind2=" " tag="260"><subfield code="a">Cartersville, Ga. :</subfield><subfield code="b">Tribune Pub. Co.,</subfield><subfield code="c">1969-</subfield></datafield><datafield ind1=" " ind2=" " tag="300"><subfield code="a">v.</subfield></datafield><datafield ind1=" " ind2=" " tag="310"><subfield code="a">Weekly</subfield></datafield><datafield ind1="0" ind2=" " tag="362"><subfield code="a">Vol. 52, no. 31 (June 5, 1969)-</subfield></datafield><datafield ind1=" " ind2=" " tag="530"><subfield code="a">Also on microfilm: Athens, Ga. : University of Georgia Libraries.</subfield></datafield><datafield ind1=" " ind2=" " tag="530"><subfield code="a">Formed by the union of: Bartow herald, and:Weekly tribune news.</subfield></datafield><datafield ind1=" " ind2="0" tag="651"><subfield code="a">Cartersville (Ga.)</subfield><subfield code="v">Newspapers.</subfield></datafield><datafield ind1=" " ind2="0" tag="651"><subfield code="a">Bartow County (Ga.)</subfield><subfield code="v">Newspapers.</subfield></datafield><datafield ind1=" " ind2="7" tag="655"><subfield code="a">Newspapers.</subfield><subfield code="2">fast</subfield><subfield code="0">(OCoLC)fst01423814</subfield></datafield><datafield ind1=" " ind2="7" tag="651"><subfield code="a">Georgia</subfield><subfield code="z">Bartow County.</subfield><subfield code="2">fast</subfield><subfield code="0">(OCoLC)fst01214862</subfield></datafield><datafield ind1=" " ind2="7" tag="651"><subfield code="a">Georgia</subfield><subfield code="z">Cartersville.</subfield><subfield code="2">fast</subfield><subfield code="0">(OCoLC)fst01216881</subfield></datafield><datafield ind1=" " ind2=" " tag="752"><subfield code="a">United States</subfield><subfield code="b">Georgia</subfield><subfield code="c">Bartow</subfield><subfield code="d">Cartersville.</subfield></datafield><datafield ind1="1" ind2="4" tag="780"><subfield code="a">Bartow herald</subfield><subfield code="w">(DLC)sn 89053392</subfield><subfield code="w">(OCoLC)20411847</subfield></datafield><datafield ind1="1" ind2="4" tag="780"><subfield code="t">Weekly tribune news</subfield><subfield code="w">(DLC)sn 89053393</subfield><subfield code="w">(OCoLC)20411930</subfield></datafield></record>